@book{thompson1999types,
  author    = {Thompson, Simon},
  publisher = {University of Kent},
  title     = {Type Theory And Functional Programming},
  year      = {1999}
}

@article{church1940formulation,
  author    = {Church, Alonzo},
  journal   = {The Journal of Symbolic Logic},
  number    = {2},
  pages     = {56--68},
  publisher = {Association for Symbolic Logic},
  title     = {A Formulation of the Simple Theory of Types},
  volume    = {5},
  year      = {1940}
}

@book{nordstrom1990programming,
  author    = {Nordstr{"o}m, Bengt and Petersson, Kent and Smith, Jan M.},
  publisher = {Oxford University Press},
  title     = {Programming in Martin-L{"o}f's Type Theory: An Introduction},
  year      = {1990}
}

@misc{carneiro2019typetheorylean,
  author       = {Carneiro, Mario},
  title        = {The Type Theory of Lean},
  howpublished = {\url{https://github.com/digama0/lean-typetheory/}},
  year         = {2019}
}

@book{girard1989proofs,
  author    = {Girard, Jean-Yves and Taylor, Paul and Lafont, Yves},
  publisher = {Cambridge University Press},
  title     = {Proofs and Types},
  year      = {1989}
}

@article{wadler2015propositions,
  author  = {Wadler, Philip},
  journal = {Communications of the ACM},
  number  = {12},
  pages   = {75--84},
  title   = {Propositions as Types},
  volume  = {58},
  year    = {2015}
}

@inproceedings{mathlib2020,
  author    = {The mathlib Community},
  booktitle = {Proceedings of the 9th ACM SIGPLAN International Conference on Certified Programs and Proofs},
  title     = {The Lean Mathematical Library},
  year      = {2020}
}

@misc{Conrad_connnotpathconn,
  author       = {Conrad, Keith},
  title        = {Spaces that are connected but not path-connected},
  howpublished = {\url{https://kconrad.math.uconn.edu/blurbs/topology/connnotpathconn.pdf}}
}

@misc{mathlibdoc,
  author       = {{Lean Mathematical Library community}},
  title        = {mathlib â€” The Lean Mathematical Library},
  howpublished = {\url{https://github.com/leanprover-community/mathlib}},
  year         = {2025}
}

@misc{mathinlean,
  author       = {{Lean Mathematical Library community}},
  title        = {Mathematics in Lean},
  howpublished = {\url{https://leanprover-community.github.io/mathematics_in_lean/mathematics_in_lean.pdf}},
  year         = {2025}
}

@article{lewis_madelaine_simplifying_casts_coercions_2020,
  author  = {Lewis, Robert Y. and Madelaine, Paul-Nicolas},
  journal = {arXiv preprint arXiv:2001.10594},
  title   = {Simplifying Casts and Coercions},
  year    = {2020}
}

@inproceedings{wadler_blott_ad_hoc_polymorphism_1988,
  author    = {Wadler, Philip and Blott, Stephen},
  booktitle = {16th ACM Symposium on Principles of Programming Languages},
  title     = {How to Make Ad-Hoc Polymorphism Less Ad Hoc},
  year      = {1989}
}

@misc{web:1,
  title  = {Placeholder for web:1}
}

@misc{web:2,
  title  = {Placeholder for web:2}
}

@misc{web:41,
  title  = {Placeholder for web:41}
}
